<record xmlns="http://www.loc.gov/MARC21/slim" xmlns:xsi="http://www.w3.org/2001/XMLSchema-instance" xsi:schemaLocation="http://www.loc.gov/MARC21/slim http://www.loc.gov/standards/marcxml/schema/MARC21slim.xsd"><leader>01777nam a2200349   4500</leader><controlfield tag="001">1910624</controlfield><controlfield tag="003">NIC</controlfield><controlfield tag="006">m        d        </controlfield><controlfield tag="007">cr cn |||m|||a</controlfield><controlfield tag="008">150116s196u    le      o     000 0 araod</controlfield><datafield ind1=" " ind2=" " tag="040"><subfield code="a">NNU</subfield><subfield code="b">eng</subfield><subfield code="e">rda</subfield><subfield code="c">NNU</subfield></datafield><datafield ind1=" " ind2="4" tag="050"><subfield code="a">BP130</subfield><subfield code="b">.A94 1960</subfield></datafield><datafield ind1="1" ind2=" " tag="100"><subfield code="6">880-01</subfield><subfield code="a">A&#772;bi&#772; al-Azhari&#772;, S&#803;a&#772;lih&#803; &#699;Abd al-Sami&#772;&#699;. </subfield></datafield><datafield ind1="1" ind2="0" tag="245"><subfield code="6">880-02</subfield><subfield code="a">Jawa&#772;hir al-ikli&#772;l :</subfield><subfield code="b">sharh&#803; mukhtas&#803;ar /</subfield><subfield code="c">al-Shaykh S&#803;a&#772;lih&#803; &#699;Abd al-Sami&#772;&#699; al-A&#772;bi&#772; al-Azhari&#772;.</subfield></datafield><datafield ind1=" " ind2=" " tag="260"><subfield code="6">880-03</subfield><subfield code="a">Bayru&#772;t :</subfield><subfield code="b">Da&#772;r al-Fikr,</subfield><subfield code="c">[196-?]</subfield></datafield><datafield ind1=" " ind2=" " tag="300"><subfield code="a">online resource (2 volumes)</subfield></datafield><datafield ind1=" " ind2=" " tag="336"><subfield code="a">text</subfield><subfield code="2">rdacontent</subfield></datafield><datafield ind1=" " ind2=" " tag="337"><subfield code="a">computer</subfield><subfield code="2">rdamedia</subfield></datafield><datafield ind1=" " ind2=" " tag="338"><subfield code="a">online resource</subfield><subfield code="2">rdacarrier</subfield></datafield><datafield ind1=" " ind2=" " tag="500"><subfield code="a">Part of the Arabic Collections Online (ACO) project, contributed by Cornell University Libraries.</subfield></datafield><datafield ind1=" " ind2=" " tag="533"><subfield code="a">Electronic reproduction.</subfield><subfield code="b">New York, N.Y. :</subfield><subfield code="c">New York University,</subfield><subfield code="d">2015.</subfield><subfield code="5">NNU</subfield></datafield><datafield ind1="0" ind2="0" tag="630"><subfield code="a">Qur&#700;an</subfield><subfield code="x">Criticism, interpretation, etc.</subfield></datafield><datafield ind1="2" ind2=" " tag="710"><subfield code="a">Cornell University.</subfield><subfield code="b">Libraries.</subfield></datafield><datafield ind1="0" ind2=" " tag="730"><subfield code="a">Arabic Collections Online.</subfield></datafield><datafield ind1="0" ind2="8" tag="776"><subfield code="i">Online version:</subfield><subfield code="a">al-A&#772;bi&#772; al-Azhari&#772;, S&#803;a&#772;lih&#803; &#699;Abd al-Sami&#772;&#699;.</subfield><subfield code="t">Jawa&#772;hir al-ikli&#772;l.</subfield><subfield code="d">Bayru&#772;t : Da&#772;r al-Fikr, [196-?]</subfield><subfield code="w">(OCoLC)818830415</subfield></datafield><datafield ind1="0" ind2="8" tag="776"><subfield code="i">Print version:</subfield><subfield code="a">A&#772;bi&#772; al-Azhari&#772;, S&#803;a&#772;lih&#803; &#699;Abd al-Sami&#772;&#699;.</subfield><subfield code="t">Jawa&#772;hir al-ikli&#772;l</subfield><subfield code="w">(NIC)1910624</subfield><subfield code="w">(OCoLC)7019389</subfield></datafield><datafield ind1="4" ind2="0" tag="856"><subfield code="u">http://hdl.handle.net/2333.1/79cnp7qk</subfield></datafield><datafield ind1="1" ind2=" " tag="880"><subfield code="6">100-01/r</subfield><subfield code="a">&#1570;&#1576;&#1610; &#1575;&#1604;&#1575;&#1586;&#1607;&#1585;&#1610;&#1548; &#1589;&#1575;&#1604;&#1581; &#1593;&#1576;&#1583; &#1575;&#1604;&#1587;&#1605;&#1610;&#1593;. </subfield></datafield><datafield ind1="1" ind2="0" tag="880"><subfield code="6">245-02/r</subfield><subfield code="a">&#1580;&#1608;&#1575;&#1607;&#1585; &#1575;&#1604;&#1575;&#1603;&#1604;&#1610;&#1604; :</subfield><subfield code="b">&#1588;&#1585;&#1581; &#1605;&#1582;&#1578;&#1589;&#1585; /</subfield><subfield code="c">&#1575;&#1604;&#1588;&#1610;&#1582; &#1589;&#1575;&#1604;&#1581; &#1593;&#1576;&#1583; &#1575;&#1604;&#1587;&#1605;&#1610;&#1593; &#1575;&#1604;&#1575;&#1576;&#1610; &#1575;&#1604;&#1575;&#1586;&#1607;&#1585;&#1610;.</subfield></datafield><datafield ind1=" " ind2=" " tag="880"><subfield code="6">260-03/r</subfield><subfield code="a">&#1576;&#1610;&#1585;&#1608;&#1578; :</subfield><subfield code="b">&#1583;&#1575;&#1585; &#1575;&#1604;&#1601;&#1603;&#1585;&#1548;</subfield><subfield code="c">[196-?]</subfield></datafield><datafield ind1=" " ind2=" " tag="959"><subfield code="a">NNU</subfield><subfield code="b">WEB</subfield><subfield code="c">GENI</subfield><subfield code="t">0</subfield><subfield code="m">Electronic access</subfield><subfield code="s">01</subfield></datafield><datafield ind1=" " ind2=" " tag="999"><subfield code="i">NIC_1910624</subfield><subfield code="o">(OCoLC)ocm07019389</subfield></datafield></record>